%%%%%%%%%%%%%%%%%%%%
%Sources being used
%%%%%%%%%%%%%%%%%%%%
@inproceedings{Mayer,
 author = {Mayer, Clemens and Hanenberg, Stefan and Robbes, Romain and Tanter, \'{E}ric and Stefik, Andreas},
 title = {An Empirical Study of the Influence of Static Type Systems on the Usability of Undocumented Software},
 booktitle = {Proceedings of the ACM International Conference on Object Oriented Programming Systems Languages and Applications},
 series = {OOPSLA '12},
 year = {2012},
 isbn = {978-1-4503-1561-6},
 location = {Tucson, Arizona, USA},
 pages = {683--702},
 numpages = {20},
 url = {http://doi.acm.org/10.1145/2384616.2384666},
 doi = {10.1145/2384616.2384666},
 acmid = {2384666},
 publisher = {ACM},
 address = {New York, NY, USA},
 keywords = {empirical research, programming languages, type systems},
}

@ONLINE{NomeN,
author = {Nome, N},
title = {What is the difference between statically typed and dynamically typed languages?},
month = October,
year = {2009},
url = {http://stackoverflow.com/questions/1517582/what-is-the-difference-between-statically-typed-and-dynamically-typed-languages}
}

@book{Pierce,
	 author = {Pierce, Benjamin C.},
	 title = {Types and Programming Languages},
	 year = {2002},
	 isbn = {0-262-16209-1},
	 publisher = {MIT Press},
	 address = {Cambridge, MA, USA},
}

@inproceedings{Souza,
 author = {Souza, Carlos and Figueiredo, Eduardo},
 title = {How Do Programmers Use Optional Typing?: An Empirical Study},
 booktitle = {Proceedings of the 13th International Conference on Modularity},
 series = {MODULARITY '14},
 year = {2014},
 isbn = {978-1-4503-2772-5},
 location = {Lugano, Switzerland},
 pages = {109--120},
 numpages = {12},
 url = {http://doi.acm.org/10.1145/2577080.2582208},
 doi = {10.1145/2577080.2582208},
 acmid = {2582208},
 publisher = {ACM},
 address = {New York, NY, USA},
 keywords = {groovy, static analysis, type systems},
}

@inproceedings{Stuchlik,
 author = {Stuchlik, Andreas and Hanenberg, Stefan},
 title = {Static vs. Dynamic Type Systems: An Empirical Study About the Relationship Between Type Casts and Development Time},
 booktitle = {Proceedings of the 7th Symposium on Dynamic Languages},
 series = {DLS '11},
 year = {2011},
 isbn = {978-1-4503-0939-4},
 location = {Portland, Oregon, USA},
 pages = {97--106},
 numpages = {10},
 url = {http://doi.acm.org/10.1145/2047849.2047861},
 doi = {10.1145/2047849.2047861},
 acmid = {2047861},
 publisher = {ACM},
 address = {New York, NY, USA},
 keywords = {empirical research, programming language research, software engineering, type systems},
} 
